@Article{freelunch,
  title =	"There Is No Free Lunch In Adversarial Robustness (But
		 There Are Unexpected Benefits)",
  author =	"Dimitris Tsipras and Shibani Santurkar and Logan
		 Engstrom and Alexander Turner 0001 and Aleksander
		 Madry",
  journal =	"CoRR",
  year = 	"2018",
  volume =	"abs/1805.12152",
  bibdate =	"2019-07-24",
  bibsource =	"DBLP,
		 http://dblp.uni-trier.de/db/journals/corr/corr1805.html#abs-1805-12152",
  URL =  	"http://arxiv.org/abs/1805.12152",
}

@Article{kafnets,
  title =	"Kafnets: kernel-based non-parametric activation
		 functions for neural networks",
  author =	"Simone Scardapane and Steven Van Vaerenbergh and
		 Aurelio Uncini",
  journal =	"CoRR",
  year = 	"2017",
  volume =	"abs/1707.04035",
  bibdate =	"2018-08-13",
  bibsource =	"DBLP,
		 http://dblp.uni-trier.de/db/journals/corr/corr1707.html#ScardapaneVU17",
  URL =  	"http://arxiv.org/abs/1707.04035",
}

@Article{szegedy2013-intriguing,
  title =	"Intriguing properties of neural networks",
  author =	"Christian Szegedy and Wojciech Zaremba and Ilya
		 Sutskever and Joan Bruna and Dumitru Erhan and Ian
		 Goodfellow and Rob Fergus",
  journal =	"arXiv preprint arXiv:1312.6199",
  year = 	"2013",
}